% This is a placeholder references.bib file.
% Please add your BibTeX citations here.
%
% Example of an article entry:
% @article{hinton2015distilling,
%   title={Distilling the knowledge in a neural network},
%   author={Hinton, Geoffrey and Vinyals, Oriol and Dean, Jeff},
%   journal={arXiv preprint arXiv:1503.02531},
%   year={2015}
% }
%
% Example of a book entry:
% @book{goodfellow2016deep,
%   title={Deep learning},
%   author={Goodfellow, Ian and Bengio, Yoshua and Courville, Aaron},
%   year={2016},
%   publisher={MIT press}
% }
%
% Example of a conference proceeding entry:
% @inproceedings{vaswani2017attention,
%   title={Attention is all you need},
%   author={Vaswani, Ashish and Shazeer, Noam and Parmar, Niki and Uszkoreit, Jakob and Jones, Llion and Gomez, Aidan N and Kaiser, {\L}ukasz and Polosukhin, Illia},
%   booktitle={Advances in neural information processing systems},
%   pages={5998--6008},
%   year={2017}
% }
%
% Example of a model card or software (using @misc or @software):
% @misc{gemma2024,
%   author = {{Google}},
%   title = {Gemma: Open Models Based on Gemini Research and Technology},
%   year = {2024},
%   publisher = {Google},
%   howpublished = {\url{https://ai.google.dev/gemma}}
% }
%
% @software{transformers2023,
%   author = {Wolf, Thomas and Debut, Lysandre and Sanh, Victor and Chaumond, Julien and Delangue, Clement and Moi, Anthony and Cistac, Pierric and Rault, Tim and Louf, Remi and Funtowicz, Morgan and Davison, Joe and Shleifer, Sam and von Platen, Patrick and Ma, Clara and Jernite, Yacine and Plu, Julien and Xu, Canwen and Scao, Teven Le and Gugger, Sylvain and Drame, Mariama and Lhoest, Quentin and Rush, Alexander M.},
%   title = {Transformers: State-of-the-Art Natural Language Processing},
%   month = oct,
%   year = 2020,
%   publisher = {Hugging Face},
%   version = {4.35.0}, % Example version, user should update
%   url = {https://github.com/huggingface/transformers}
% }
